@book {
    norman,
    author = {Donald Norman},
    title = {The Design of Everyday Things: Revised and Expanded Edition},
    year = {2013},
    publisher = {Basic Books},
    keywords = {Interaction Design, feedback, conceptual model}
}

@book {
    normanold,
    author = {Donald Norman},
    title = {The Design of Everyday Things},
    year = {1988},
    publisher = {The MIT Press},
    keywords = {Interaction Design, feedback, conceptual model}
}
@book {
    schell,
    author = {Jesse Schell},
    title = {The Art of Game Design: A Book of Lenses},
    year = {2008},
    publisher = {Morgan Kaufmann},
    keywords = {puzzle method, game design}
}

@book {
    salen,
    author = {Katie Salen and Eric Zimmerman},
    title = {Rules of Play: Game Design Fundamentals},
    year = {2003},
    publisher = {The MIT Press},
    keywords = {Systems, game design}
}

@misc {
    kim,
    author = {Scott Kim},
    title = {What is a Puzzle?},
    url = {http://www.scottkim.com.previewc40.carrierzone.com/ \newline thinkinggames/whatisapuzzle/index.html},
    year = {2000},
    urldate = {08-12-2017}
}

@article {
    karhulahti,
    author = {Veli-Matti Karhulahti},
    title = {Puzzle is not a Game! Basic Structures of Challenge},
    year = {2013},
    journal = {Proceedings of DiGRA 2013: DeFragging Game Studies}
}

@book {
    fullerton,
    author = {Tracy Fullerton},
    title = {Game Design Workshop: A Playcentric Approach to Creating Innovative Games},
    year = {2014},
    edition = {3rd},
    publisher = {CRC Press}
}

@article {
    shannon,
    author = {Claude E. Shannon},
    title = {Programming a Computer for Playing Chess},
    year = {1949},
    journal = {Philosophical Magazine}
}

@book {
    buxton,
    author = {Bill Buxton},
    title = {Sketching User Experiences: Getting the design right and the right design},
    year = {2007},
    publisher = {Morgan Kaufmann}
}

@article {
    mda,
    author = {Robin Hunicke and Marc LeBlanc and Robert Zubek},
    title = {MDA: A Formal Approach to Game Design and Game Research},
    year = {2004},
    journal = {Proceedings of the AAAI Workshop on Challenges in Game AI (Vol. 4, No. 1, p. 1722)}
}

@article {
    prototype,
    author = {Stephanie Houde and Charles Hill},
    title = {What do Prototypes Prototype?},
    year = {1997},
    journal = {Handbook of Human-Computer Interaction (2nd Ed.)}
}

@article {
    sicart,
    author = {Miguel Sicart},
    title = {Defining Game Mechanics},
    year = {2008},
    journal = {the international journal of
computer game research, volume 8 issue 2}
}

@book {
    level,
    author = {Rudolf Kremers},
    title = {Level Design: Concept, theory, and Practice},
    year = {2009},
    publisher = {CRC Press}
}

@article {
  howdonald,
  author = {Tom Djajadiningrat and Kees Overbeeke and Stephan Wensveen},
  title = {But how, Donald, tell us how?: On the Creation of Meaning in Interaction Design through Feedforward and Inherent Feedback},
  year = {2002},
  publisher = {ID-StudioLab}
}

@article {
  frogger,
  author = {S.A.G. Wensveen and J.P. Djajadiningrat and C.J. Overbeeke},
  title = {Interaction Frogger: a Design Framework to Couple Action and Function through Feedback and Feedforward},
  year = {2004},
  journal = {DIS '04}
}

@article {
  touchme,
  author = {Stephan Wensveen and Tom Djajadiningrat and Kees Overbeeke},
  title = {Touch Me, Hit Me and I Know How You Feel: A Design Approach to Emotionally Rich Interaction},
  year = {2000},
  journal = {DIS '00}
}

@book {
  dourish,
  author = {Paul Dourish},
  title = {Where the Action is: The Foundation of Embodied Interaction},
  year = {2004},
  publisher = {The MIT Press}
}

@book {
  cresswell,
  author = {John W. Cresswell},
  title = {Research Design: Qualitative, Quantitative and Mixed Methods Approaches},
  year = {2009},
  publisher = {SAGE Publications}
}

@article {
  gaver,
  author = {William W. Gaver},
  title = {Technology Affordances},
  year = {1991},
  journal = {ACM}
}

@book {
  heidegger,
  author = {Martin Heidegger},
  title = {Being and Time},
  year = {1962},
  publisher = {State University of New York Press}
}

@phdthesis {
  vella,
  author = {Daniel Vella},
  title = {The Ludic Subject and the Ludic Self: Analyzing the ‘I-in-the-Gameworld’},
  year = {2015},
  school = {IT-University of Copenhagen}
}

@article{
  semantics,
  author = {Krippendorff, Klaus and Butter, Reinhart},
  year = {1984},
  title = {Product Semantics - Exploring the Symbolic Qualities of Form},
  volume = {3},
  journal = {Departmental Papers (ASC)}
}
